@Proceedings{1,
  author = {Mireia Ramos-Rodr{\a'\i}guez and Marc Subirana-Gran{\a'e}s and Lorenzo Pasquali},
  title = {UMI4Cats: an R Package for analyzing UMI-4C contact data},
  organization = {European Bioconductor Meeting (Brussels, Belgium)},
  year = {2019},
  moth = {Dec},
  key = {1},
}

@Proceedings{2,
  author = {Mireia Ramos-Rodr{\a'\i}guez and Lorenzo Pasquali},
  title = {The Islet Regulome Browser},
  organization = {3rd Joint EASD Islet Study Group & Beta-Cell Workshop (Oxford, UK)},
  year = {2019},
  moth = {Apr},
  key = {2},
}

@Proceedings{3,
  author = {Mireia Ramos-Rodr{\a'\i}guez and Helena Raurell-Vila and Maikel L. colli and Maria Ines Alvelos and Marc Subirana-Gran{\a'e}s and Jon{\a`a}s Juan-Mateu and Richard Norris and Jean-Valery Turatsinze and Ernesto S. Nakayasu and Bobbie-Joe Webb-Robertson and Jaimie R.J. Inshaw and Piero Marchetti and Lorenzo Piemonti and Manel Esteller and John A. Todd and Thomas O. Metz and D{\a'e}cio L. Eizirik and Lorenzo Pasquali},
  title = {The impact of pro-inflammatory cytokines on the beta-cell regultory landscape provides new insights into the genetics of type diabetes},
  organization = {3rd Joint EASD Islet Study Group & Beta-Cell Workshop (Oxford, UK)},
  year = {2019},
  moth = {Apr},
  key = {3},
}

@Proceedings{4,
  author = {Mireia Ramos-Rodr{\a'\i}guez and Helena Raurell-Vila and Jon{\a`a}s Juan-Mateu and Jean-Valery Turatsinze and Lorenzo Piemonti and D{\a'e}cio L. Eizirik and Lorenzo Pasquali},
  title = {The impact of pro-inflammatory cytokines on the regulatory landscape of pancreatic beta-cells},
  organization = {Spetses Summer School on Chromatin & Metabolism (Spetses, Greece)},
  year = {2018},
  moth = {Aug},
  key = {4},
}

@Proceedings{5,
  author = {Mireia Ramos-Rodr{\a'\i}guez and Helena Raurell-Vila and Jon{\a`a}s Juan-Mateu and Jean-Valery Turatsinze and Lorenzo Piemonti and D{\a'e}cio L. Eizirik and Lorenzo Pasquali},
  title = {The impact of pro-inflammatory cytokines in beta-cells cis-regulatory networks},
  organization = {53rd EASD Annual Meeting (Lisbon, Portugal)},
  year = {2017},
  moth = {Sep},
  key = {5},
}

@Proceedings{6,
  author = {Mireia Ramos-Rodr{\a'\i}guez and Loris Mularoni and Lorenzo Pasquali},
  title = {The Islet Regulome Browser},
  organization = {SEEN 2016 (MÃ¡laga, Spain)},
  year = {2016},
  moth = {Nov},
  key = {6},
}
