@Proceedings{1,
  author = {Mireia Ramos-Rodr{\a'\i}guez and Helena Raurell-Vila and Jon{\a`a}s Juan-Mateu and Jean-Valery Turatsinze and Lorenzo Piemonti and D{\a'e}cio L. Eizirik and Lorenzo Pasquali},
  title = {The impact of pro-inflammatory cytokines on the regulatory landscape of pancreatic beta-cells},
  organization = {Spetses Summer School on Chromatin & Metabolism (Spetses, Greece)},
  year = {2018},
  moth = {Aug},
  key = {1},
}

@Proceedings{2,
  author = {Mireia Ramos-Rodr{\a'\i}guez and Helena Raurell-Vila and Jon{\a`a}s Juan-Mateu and Jean-Valery Turatsinze and Lorenzo Piemonti and D{\a'e}cio L. Eizirik and Lorenzo Pasquali},
  title = {The impact of pro-inflammatory cytokines on the regulatory landscape of pancreatic beta-cells},
  organization = {VII Jornades de Cromatina i Epigenètica (Barcelona, Spain)},
  year = {2017},
  moth = {Mar},
  key = {2},
}

@Proceedings{3,
  author = {Mireia Ramos-Rodr{\a'\i}guez and Helena Raurell-Vila and Jon{\a`a}s Juan-Mateu and Jean-Valery Turatsinze and Lorenzo Piemonti and D{\a'e}cio L. Eizirik and Lorenzo Pasquali},
  title = {Xarxes reguladores en cis i la diabetis tipus 1},
  organization = {Associació Catalana de Diabetis 2017 (Badalona, Spain)},
  year = {2017},
  moth = {Mar},
  key = {3},
}

@Proceedings{4,
  author = {Mireia Ramos-Rodr{\a'\i}guez and Helena Raurell-Vila and Jon{\a`a}s Juan-Mateu and Jean-Valery Turatsinze and Lorenzo Piemonti and D{\a'e}cio L. Eizirik and Lorenzo Pasquali},
  title = {Beta-cells cis-regulatory networks and type 1 diabetes},
  organization = {German & Catalan Workshop of Epigenetics (Freiburg, Germany)},
  year = {2016},
  moth = {Nov},
  key = {4},
}
