@Article{Colli2020,
  author = {ML Colli and \textbf{M Ramos-Rodr{\a'\i}guez} and ES Nakayasu and MI Alvelos and M Lopes and {...}},
  title = {An integrated multi-omics approach identifies the landscape of interferon-α-mediated responses of human pancreatic beta cells},
  journaltitle = {Nature communications},
  year = {2020},
  key = {1},
}

@Article{Miguel-Escalada2019,
  author = {I Miguel-Escalada and S Bon{\a`a}s-Guarch and I Cebola and J Ponsa-Cobas and {...}},
  title = {Human pancreatic islet three-dimensional chromatin architecture provides insights into the genetics of type 2 diabetes},
  journaltitle = {Nature genetics},
  year = {2019},
  key = {2},
}

@Article{Ramos-Rodriguez2019,
  author = {\textbf{M Ramos-Rodr{\a'\i}guez} and H Raurell-Vila and ML Colli and MI Alvelos and {...}},
  title = {The impact of proinflammatory cytokines on the β-cell regulatory landscape provides insights into the genetics of type 1 diabetes},
  journaltitle = {Nature genetics},
  year = {2019},
  key = {3},
}

@Article{Kameswaran2018,
  author = {V Kameswaran and ML Golson and \textbf{M Ramos-Rodr{\a'\i}guez} and K Ou and YJ Wang and {...}},
  title = {The dysregulation of the DLK1-MEG3 locus in islets from patients with type 2 diabetes is mimicked by targeted epimutation of its promoter with TALE-DNMT constructs},
  journaltitle = {Diabetes},
  year = {2018},
  key = {4},
}

@Article{Raurell-Vila2018,
  author = {H Raurell-Vila and \textbf{M Ramos-Rodr{\a'\i}guez} and L Pasquali},
  title = {Assay for transposase accessible chromatin (ATAC-Seq) to chart the open chromatin landscape of human pancreatic islets},
  journaltitle = {CpG Islands},
  year = {2018},
  key = {5},
}

@Article{Mularoni2017,
  author = {L Mularoni and \textbf{M Ramos-Rodr{\a'\i}guez} and L Pasquali},
  title = {The pancreatic islet regulome browser},
  journaltitle = {Frontiers in Genetics},
  year = {2017},
  key = {6},
}
